@misc{Orlowski2013IBMSystemR,
  author = {Andrew Orlowski},
  title = {Codd almighty! How IBM cracked System R},
  year = {2013},
  howpublished = {\url{https://www.theregister.com/2013/11/20/ibm_system_r_making_relational_really_real/}}
}

@misc{wikipedia-TPC,
  author = {wikipedia},
  title = {Transaction_Processing_Performance_Council},
  howpublished = {\url{https://en.wikipedia.org/wiki/Transaction_Processing_Performance_Council}}
}

@misc{wikipedia-YCSB,
  author = {wikipedia},
  title = {Yahoo! Cloud Serving Benchmark(YCSB)},
  howpublished = {\url{https://en.wikipedia.org/wiki/YCSB}}
}

@misc{tum.de-CH-benCHmark,
  author = {TUM. The Entrepreneurial
University},
  title = {CH-benCHmark},
  howpublished = {\url{https://db.in.tum.de/research/projects/CHbenCHmark/?lang=en}}
}

@misc{cmu-db-BenchBase,
  author = {Database Research Group at Carnegie Mellon University},
  title = {BenchBase},
  howpublished = {\url{https://github.com/cmu-db/benchbase}}
}

@misc{Shanley1998TPCOrigin,
  author = {Kim Shanley},
  title = {Origins of the TPC and the first 10 years},
  year = {1998},
  howpublished = {\url{https://www.tpc.org/information/about/history5.asp}}
}

@misc{wikipedia-DavidDeWitt,
  author = {wikipedia},
  title = {David DeWitt},
  howpublished = {\url{https://en.wikipedia.org/wiki/David_DeWitt}}
}

@misc{Quach2021Nvidia-tweaked-TPCx-BB,
  author = {Katyanna Quach},
  title = {Nvidia accused of cheating in big-data performance test by benchmark's umpires: Workloads 'tweaked' to beat rivals in TPCx-BB},
  year = {2021},
  howpublished = {\url{https://www.theregister.com/2021/01/28/nvidia_tpc_benchmark/}}
}

@misc{Busser2023AmazonEc2SpotBestPractices,
  author = {Sheila Busser},
  title = {Best practices to optimize your Amazon EC2 Spot Instances usage},
  year = {2023},
  howpublished = {\url{https://aws.amazon.com/blogs/compute/best-practices-to-optimize-your-amazon-ec2-spot-instances-usage/}}
}

@misc{Amazon-DataPersistence,
  author = {Amazon},
  title = {Data persistence for Amazon EC2 instance store volumes},
  howpublished = {\url{https://docs.aws.amazon.com/AWSEC2/latest/UserGuide/instance-store-lifetime.html}}
}

@misc{Amazon-WhatisNoSQL,
  author = {Amazon},
  title = {What is NoSQL?},
  howpublished = {\url{https://aws.amazon.com/nosql/}}
}

@misc{Jianfeng2024Evaluatology,
  author = {Jianfeng Zhan,Lei Wang,Wanling Gao,Hongxiao Li,Chenxi Wang,Yunyou Huang,Yatao Li,Zhengxin Yang,Guoxin Kang,Chunjie Luo,Hainan Ye,Shaopeng Dai,Zhifei Zhang},
  title = {Evaluatology: The science and engineering of evaluation},
  year = {2024},
  howpublished = {\url{https://www.sciencedirect.com/science/article/pii/S2772485924000140}}
}

















