@article{dongarra2003hpl,
  author =	 {Jack J. Dongarra and Piotr Luszczek and Antoine
                  Petitet},
  title =	 {The {LINPACK} Benchmark: Past, Present, and Future},
  journal =	 {Concurrency and Computation: Practice and
                  Experience},
  volume =	 15,
  number =	 9,
  pages =	 {803-820},
  month =	 {August 10},
  year =	 2003,
  note =	 {ISSN 1532-0634},
  doi =		 {10.1002/cpe.728}
}

@Book{dongarra1979linpack,
  author =	 {Jack J. Dongarra and J. Bunch and Cleve Moler and
                  G. W. Stewart},
  title =	 {{LINPACK} User's Guide},
  publisher =	 {Society of Industrial and Applied Mathematics},
  address =	 {Philadelphia, PA, USA},
  year =	 1979
}

@article{feng2007green500,
  author =	 {W.-C. Feng and Kirk W. Cameron},
  title =	 {The {Green500} List: Encouraging Sustainable
                  Supercomputing},
  Journal =	 "IEEE Computer",
  volume =	 40,
  number =	 12,
  pages =	 {50-55},
  year =	 2007
}

@inproceedings{feng2005pwrprofsciapps,
  author =	 {W.-C. Feng and R. Ge and Kirk W. Cameron},
  title =	 {Power and Energy Profiling of Scientific
                  Applications on Distributed Systems},
  booktitle =	 {19th IEEE International Parallel and Distributed
                  Processing Symposium (IPDPS 05)},
  address =	 {Denver, CO, USA},
  year =	 2005
}

@article{cameron2005hpcpowerdistcompsciapps,
  author =	 {Kirk W. Cameron and R. Ge and X. Feng},
  title =	 {High-performance, Power-aware, Distributed Computing
                  for Scientific Applications},
  journal =	 {IEEE Computer},
  volume =	 38,
  number =	 11,
  pages =	 {40-47},
  year =	 2005
}

@misc{specpower2008,
  author =	 {SPEC},
  title =	 {The {SPEC} Power Benchmark},
  url={www.spec.org/power_ssj2008/},
  year =	 2008
}
